<record><leader>00000cas a2200000 a 4500</leader><controlfield tag="001">11109095</controlfield><controlfield tag="008">840831d19721984nyumr ne      0   a0eng c</controlfield><datafield ind1=" " ind2=" " tag="010"><subfield code="a">sn 84006855 </subfield></datafield><datafield ind1=" " ind2=" " tag="040"><subfield code="a">NSD</subfield><subfield code="b">eng</subfield><subfield code="c">NSD</subfield><subfield code="d">NPH</subfield><subfield code="d">NPY</subfield><subfield code="d">NPH</subfield><subfield code="d">NSD</subfield><subfield code="d">NPH</subfield><subfield code="d">YOX</subfield><subfield code="d">PIT</subfield><subfield code="d">CNW</subfield><subfield code="d">CVF</subfield><subfield code="d">CUS</subfield><subfield code="d">PHA</subfield><subfield code="d">OCLCQ</subfield><subfield code="d">OCLCF</subfield><subfield code="d">OCLCO</subfield></datafield><datafield ind1=" " ind2=" " tag="012"><subfield code="j">0</subfield><subfield code="l">1</subfield><subfield code="m">x</subfield></datafield><datafield ind1="1" ind2=" " tag="022"><subfield code="a">0749-0453</subfield><subfield code="l">0749-0453</subfield><subfield code="2">1</subfield></datafield><datafield ind1="1" ind2=" " tag="029"><subfield code="a">AU@</subfield><subfield code="b">000020337742</subfield></datafield><datafield ind1=" " ind2=" " tag="037"><subfield code="b">Panagraphics, 761 Fillmore Ave., Suite 201, Buffalo, NY 14212</subfield></datafield><datafield ind1=" " ind2=" " tag="042"><subfield code="a">nsdp</subfield><subfield code="a">pcc</subfield></datafield><datafield ind1="1" ind2="4" tag="050"><subfield code="a">AP2</subfield></datafield><datafield ind1="0" ind2=" " tag="130"><subfield code="a">Pol Am journal (Scranton, Pa. : National ed.)</subfield></datafield><datafield ind1=" " ind2="0" tag="222"><subfield code="a">Pol-Am journal</subfield><subfield code="b">(National ed.)</subfield></datafield><datafield ind1="0" ind2="0" tag="245"><subfield code="a">Pol Am journal.</subfield></datafield><datafield ind1="1" ind2="0" tag="246"><subfield code="a">Pol-Am journal</subfield></datafield><datafield ind1="0" ind2="0" tag="246"><subfield code="a">Polish Am journal</subfield></datafield><datafield ind1="1" ind2="0" tag="246"><subfield code="a">Polish American journal</subfield></datafield><datafield ind1=" " ind2=" " tag="250"><subfield code="a">[National ed.]</subfield></datafield><datafield ind1=" " ind2=" " tag="260"><subfield code="a">Scranton, Pa. :</subfield><subfield code="b">Henry J. Dende,</subfield></datafield><datafield ind1=" " ind2=" " tag="300"><subfield code="a">v.</subfield></datafield><datafield ind1=" " ind2=" " tag="310"><subfield code="a">Monthly</subfield></datafield><datafield ind1="0" ind2=" " tag="362"><subfield code="a">Vol. 61, no. 17/18 (Aug. 1972)-v. 73, no. 12-N (Dec. 16, 1984).</subfield></datafield><datafield ind1=" " ind2=" " tag="500"><subfield code="a">Published in Buffalo, N.Y. by Panagraphics, Aug. 16, 1983-1984.</subfield></datafield><datafield ind1=" " ind2=" " tag="580"><subfield code="a">Published in three eds. serving several organizations, &lt;1978-1983&gt; : PNA(Polish National Alliance)--Brooklyn and Chicago, PBA (Polish Beneficial Association)--Sons of Poland and Polish Union, and National. Published in six eds., 1983-: Chicago, PNA, SP, PU, PBA, and National.</subfield></datafield><datafield ind1=" " ind2="0" tag="650"><subfield code="a">Polish people</subfield><subfield code="z">United States</subfield><subfield code="v">Newspapers.</subfield></datafield><datafield ind1=" " ind2="0" tag="650"><subfield code="a">Polish Americans</subfield><subfield code="v">Newspapers.</subfield></datafield><datafield ind1=" " ind2="7" tag="655"><subfield code="a">Newspapers.</subfield><subfield code="2">fast</subfield><subfield code="0">(OCoLC)fst01423814</subfield></datafield><datafield ind1=" " ind2="7" tag="650"><subfield code="a">Polish Americans.</subfield><subfield code="2">fast</subfield><subfield code="0">(OCoLC)fst01068870</subfield></datafield><datafield ind1=" " ind2="7" tag="650"><subfield code="a">Polish people.</subfield><subfield code="2">fast</subfield><subfield code="0">(OCoLC)fst01715992</subfield></datafield><datafield ind1=" " ind2="7" tag="651"><subfield code="a">United States.</subfield><subfield code="2">fast</subfield><subfield code="0">(OCoLC)fst01204155</subfield></datafield><datafield ind1=" " ind2=" " tag="752"><subfield code="a">United States</subfield><subfield code="b">Pennsylvania</subfield><subfield code="c">Lackawanna</subfield><subfield code="d">Scranton.</subfield></datafield><datafield ind1=" " ind2=" " tag="752"><subfield code="a">United States</subfield><subfield code="b">New York</subfield><subfield code="c">Erie</subfield><subfield code="d">Buffalo.</subfield></datafield><datafield ind1="1" ind2=" " tag="775"><subfield code="t">Pol Am journal (Scranton, Pa. : Polish Union of U.S.A. ed.)</subfield><subfield code="w">(DLC)sn 84006854</subfield><subfield code="w">(OCoLC)11109148</subfield></datafield><datafield ind1="1" ind2=" " tag="775"><subfield code="t">Pol Am journal (Scranton, Pa. : Polish National Alliance of Brooklyn, U.S.A. ed.)</subfield><subfield code="w">(DLC)sn 84006851</subfield><subfield code="w">(OCoLC)11109629</subfield></datafield><datafield ind1="1" ind2=" " tag="775"><subfield code="t">Pol Am journal (Scranton, Pa. : Polish Beneficial Association (U.S.) ed.)</subfield><subfield code="w">(DLC)sn 84006852</subfield><subfield code="w">(OCoLC)11109265</subfield></datafield><datafield ind1="1" ind2=" " tag="775"><subfield code="t">Pol Am journal (Scranton, Pa. : Chicago ed.)</subfield><subfield code="w">(DLC)sn 84006856</subfield><subfield code="w">(OCoLC)11109047</subfield></datafield><datafield ind1="1" ind2=" " tag="775"><subfield code="t">Pol-Am journal (Scranton, Pa. : Association of the Sons of Poland ed.)</subfield><subfield code="w">(DLC)sn 84006853</subfield><subfield code="w">(OCoLC)11109215</subfield></datafield><datafield ind1="0" ind2="0" tag="780"><subfield code="t">Polish American journal (Scranton, Pa. : 1948)</subfield><subfield code="w">(DLC)sn 87078594</subfield><subfield code="w">(OCoLC)16775044</subfield></datafield><datafield ind1="0" ind2="7" tag="785"><subfield code="t">Polish American voice</subfield><subfield code="x">0749-0178</subfield><subfield code="w">(DLC)sn 84006781</subfield><subfield code="w">(OCoLC)11052618</subfield></datafield><datafield ind1="0" ind2="7" tag="785"><subfield code="t">Polish American journal (Buffalo, N.Y. : National ed.)</subfield><subfield code="w">(DLC)sn 85054886</subfield><subfield code="w">(OCoLC)11864142</subfield></datafield></record>